@misc{ citation1,
       author = "",
       title = "",
       year = "2015",
       howpublished = "\url{https://www.open-mpi.org/}",
       note = ""
}
          
@misc{ citation2,
       author = "",
       title = "Wikipedia Embarassing Parallel Programming",
       year = "2015",
       howpublished = "\url{https://en.wikipedia.org/wiki/Embarrassingly_parallel}",
       note = ""
}

@misc{ citation3,
       author = "Barry Wilkinson and Michael Allen",
       title = "Parallel Programming: Techniques and Applications Using Networked Workstations and Parallel Computers",
       year = "",
       howpublished = "",
       note = ""
}

@misc{ citation4,
       author = "",
       title = "Application Design Patterns: Master/Slave",
       year = "2006",
       howpublished = "\url{http://www.ni.com/white-paper/3022/en/}",
       note = ""
}
